<record><leader>00000cas a22000007a 4500</leader><controlfield tag="001">18310688</controlfield><controlfield tag="008">880804d187u1uuunyuwr ne      0    0eng d</controlfield><datafield ind1=" " ind2=" " tag="010"><subfield code="a">sn 88074658 </subfield></datafield><datafield ind1=" " ind2=" " tag="040"><subfield code="a">NYS</subfield><subfield code="b">eng</subfield><subfield code="c">NYS</subfield><subfield code="d">NYG</subfield><subfield code="d">NYS</subfield><subfield code="d">OCLCQ</subfield></datafield><datafield ind1=" " ind2=" " tag="042"><subfield code="a">msc</subfield></datafield><datafield ind1="0" ind2="4" tag="245"><subfield code="a">The Wayne County alliance.</subfield></datafield><datafield ind1=" " ind2=" " tag="260"><subfield code="a">Sodus, N.Y. :</subfield><subfield code="b">G. Ouderkirk</subfield></datafield><datafield ind1=" " ind2=" " tag="300"><subfield code="a">v.</subfield></datafield><datafield ind1=" " ind2=" " tag="310"><subfield code="a">Weekly</subfield></datafield><datafield ind1=" " ind2=" " tag="588"><subfield code="a">Description based on: Vol. 3, no. 38 (June 26, 1875).</subfield></datafield><datafield ind1=" " ind2="4" tag="651"><subfield code="a">Sodus (N.Y.)</subfield><subfield code="v">Newspapers.</subfield></datafield><datafield ind1=" " ind2=" " tag="752"><subfield code="a">United States</subfield><subfield code="b">New York</subfield><subfield code="c">Wayne</subfield><subfield code="d">Sodus.</subfield></datafield><datafield ind1="0" ind2="4" tag="780"><subfield code="t">Red Creek alliance</subfield></datafield><datafield ind1="0" ind2="4" tag="780"><subfield code="t">Sodus enterprise</subfield><subfield code="w">(DLC)sn 88074522</subfield></datafield><datafield ind1="1" ind2=" " tag="029"><subfield code="a">AU@</subfield><subfield code="b">000020517304</subfield></datafield></record>